% Encoding: UTF-8
%% This BibTeX bibliography file was created using BibDesk.
%% https://bibdesk.sourceforge.io/

%% Created for I.N. at 2021-01-30 17:59:45 +0100 


%% Saved with string encoding Unicode (UTF-8)

@Article{beobachtungsstudie,
  author        = {Lütolf, M. and Schaub, S.},
  journal       = {Fr{\"u}hf{\"o}rderung interdisziplin{\"a}r},
  title         = {Soziale Teilhabe von Kindern mit Behinderung in der Kindertagesst{\"a}tte. Eine Beobachtungsstudie},
  year          = {2019},
  number        = {4},
  pages         = {176--190},
  volume        = {38},
  abstract      = {Inklusion in Kindertagesst{\"a}tten ist in der Schweiz ein junges Ph{\"a}nomen und ihr Gelingen wenig erforscht. Diese explorative Studie untersucht die Soziale Teilhabe von Kindern mit Behinderung exemplarisch. In Videoaufnahmen wurde das Verhalten von Kindern mit (n=10) und ohne Behinderung (n=11) w{\"a}hrend des Freispiels analysiert und die Soziale Teilhabe anhand von zwei Aspekten verglichen: Beteiligung in Spiel- und Gruppenprozessen und Interaktionen. Die Ergebnisse verweisen auf eine hohe Soziale Teilhabe der Kinder mit Behinderung. Unterschiede zeigten sich in einer h{\"a}ufigeren passiven Teilhabe sowohl hinsichtlich der Beteiligung am Spiel als auch der Interaktionen sowie h{\"a}ufigeren {\"U}berg{\"a}ngen zwischen Aktivit{\"a}ten.},
  bdsk-url-1    = {https://www.reinhardt-journals.de/index.php/fi/article/view/151888},
  bdsk-url-2    = {https://doi.org/10.2378/fi2019.art24d},
  date-added    = {2021-01-30 17:59:43 +0100},
  date-modified = {2021-01-30 17:59:43 +0100},
  doi           = {10.2378/fi2019.art24d},
  file          = {:beobachtungsstudie - Soziale Teilhabe Von Kindern Mit Behinderung in Der Kindertagesstatte. Eine Beobachtungsstudie.bib:bib},
  keywords      = {Inklusion; Fr{\"u}hkindliche Bildung; Betreuung und Erziehung; Behinderung; Soziale Teilhabe; Beobachtung},
  location      = {München},
  publisher     = {Reinhardt},
  url           = {https://www.reinhardt-journals.de/index.php/fi/article/view/151888},
}

@TechReport{evalPilotphase,
  author   = {Tanner Merlo, S. and Buholzer, A. and N{\"a}pflin, C.},
  title    = {Evaluation der Pilotphase von Kita plus - Bericht zuhanden der Stiftung Kind und Familie KiFa Schweiz},
  year     = {2014},
  file     = {:evalPilotphase - Evaluation Der Pilotphase Von Kita Plus Bericht Zuhanden Der Stiftung Kind Und Familie KiFa Schweiz.bib:bib},
  location = {Luzern},
  number   = {42},
  publisher = {PH Luzern},
  url      = {https://kipdf.com/evaluation-der-pilotphase-von-kita-plus_5aaff4641723dd389ca3f985.html},
}

@TechReport{konzeptKitaPlus,
  author = {{KITAplus Luzern}},
  title       = {Konzept. Familienergänzende Kinderbetreuung f{\"u}r Kinder mit besonderen Bed{\"u}rfnissen in Luzerner Kindertagesst{\"a}tten},

  year        = {2020},
  institution = {Stiftung Kind und Familie, Stadt Luzern, Heilpädagogischen Früherziehungsdienstes HFD, kibesuisse, Pädagogische Hochschule Luzern},
  location    = {Luzern},
}

@Article{schwerermehrfachbehinderung,
  author    = {Gutekunst, Anja and Schreier, Sigrun and Sarimski, Klaus},
  journal   = {Frühförderung interdisziplinär},
  title     = {Kinder mit schwerer und mehrfacher Behinderung im integrativen Kindergarten. Eine besondere Herausforderung},
  year      = {2012},
  number    = {1},
  pages     = {26--32},
  volume    = {31},
  abstract  = {Kinder mit schwerer und mehrfacher Behinderung stellen eine besondere Herausforderung für die soziale Integration im Kindergarten dar. Die sozialen Kontakte von zwei Kindern in integrativen Gruppen wurden videografiert und ausgewertet. In beiden Fällen zeigen sich eine beträchtliche soziale Isolation und das Risiko der Ausbildung von problematischen Verhaltensweisen, um die Aufmerksamkeit der anderen Kinder zu gewinnen.},
  doi       = {10.2378/fi2012.art03d},
  keywords  = {Schwere Behinderung; Integration; Verhaltensauffälligkeiten},
  location  = {München},
  publisher = {Reinhardt},
  url       = {https://www.reinhardt-journals.de/index.php/fi/article/view/1429},
}

@Book{bronfenbrenner,
  author    = {Bronfenbrenner, Urie},
  publisher = {Klett-Cotta},
  title     = {{Die Ökologie der menschlichen Entwicklung : natürliche und geplante Experimente}},
  year      = {1981},
  address   = {Stuttgart},
  isbn      = {312930620X},
  series    = {Sozialwissenschaften},
  booktitle = {Die Ökologie der menschlichen Entwicklung natürliche und geplante Experimente},
  keywords  = {Sozialökologie},
  language  = {ger;eng},
}

@Article{FroehlichGildhoff2020,
  author    = {Fröhlich-Gildhoff, Klaus and Grasy-Tinius, Claudia and Hoffer, Rieke},
  journal   = {Frühe Bildung},
  title     = {Gelingensfaktoren der Kompetenzentwicklung frühpädagogischer Fachkräfte im Umgang mit herausforderndem Verhalten in der Kindertageseinrichtung.},
  year      = {2020},
  number    = {4},
  pages     = {173-183},
  volume    = {9},
  abstract  = {Zusammenfassung. Kinder, deren Verhalten als herausfordernd erlebt wird, stellen für die Fachkräfte in Kindertageseinrichtungen oftmals eine Belastung dar; zudem werden weiterführende Hilfen oft nicht zeitnah eingeleitet. In diesem Beitrag werden die Evaluationsergebnisse aus zwei Praxisforschungsprojekten zusammengeführt, bei denen die Kompetenzen der Fachkräfte zur Begegnung mit herausforderndem Verhalten in einem Organisationsentwicklungsprozess der beteiligten Kitas weiterentwickelt wurden. Es konnten zudem Gelingensfaktoren für eine erfolgreiche Implementation identifiziert werden.},
  doi       = {10.1026/2191-9186/a000492},
  eprint    = {https://doi.org/10.1026/2191-9186/a000492},
  file      = {:FroehlichGildhoff2020 - Gelingensfaktoren Der Kompetenzentwicklung Frühpädagogischer Fachkräfte Im Umgang Mit Herausforderndem Verhalten in Der Kindertageseinrichtung.bibtex:bibtex;:content-select.bibtex:bibtex},
  location  = {Göttingen},
  publisher = {Hogrefe},
  url       = {https://doi.org/10.1026/2191-9186/a000492},
}

@Article{eineKriseDieKeineSeinDarf,
  author    = {Trescher, Hendrik},
  journal   = {Der pädagogische Blick},
  title     = {Inklusion in der Kita. Eine Krise, die keine sein darf?},
  year      = {2018},
  issn      = {0943-5484},
  number    = {03},
  volume    = {26},
  pages     = {176-187},
  location  = {Frankfurt},
  publisher = {Beltz Juventa},
}

abstract = {Bezugnehmend auf das Forschungsprojekt "Inklusion als Herausforderung integrativer Kindertagesstätten" geht der Beitrag der Frage nach, wie sich der von außen formulierte Inklusionsanspruch bzw. die hieran geknüpfte Aufforderung, Inklusion umzusetzen, auf die pädagogische Praxis in integrativen Kindertagesstätten auswirkt. Anhand einer Gegenüberstellung verschiedener Materialtypen wird gezeigt, dass Inklusion eine große Herausforderung für die alltägliche Praxis in integrativen Kindertagesstätten darstellt, diese Problematik von den pädagogisch Tätigen jedoch zum Teil umfassend verneint wird. Durch Interviewanalysen wurde herausgearbeitet, dass ein eher kritikloser Umgang sowie eine gewisse Romantisierung in der Konstruktion Inklusion' vorherrschen, demgegenüber in vielen Beobachtungen jedoch mannigfaltige praktische Probleme - vor allem im (gemeinsamen) Umgang mit Kindern mit und ohne Behinderung - entstehen. (Verlag).;;;Referring to the research project "Inclusion as a challenge for integrative day care centres for children", the paper examines the impact of the externally formulated demand for inclusion - or the associated demand for its implementation - on pedagogical practices in integrative day care centres for children. By contrasting different types of materials it becomes obvious that inclusion is a big challenge for everyday practices in integrative day care centres. Yet, some professionals deny this problem categorically. Interview analyses revealed that a more uncritical approach and a certain amount of romanticization predominate the perception of the construction of 'inclusion'. By contrast, however, many observations indicated that multifaceted practical problems - especially in the (mutual) interaction with children with disabilities and those without impairments - occur. (Verlag).},
type = {online; gedruckt},
issn = {0943-5484},
sprache = {deutsch},
beigaben = {Literaturangaben}
} 

@Article{inklusionZwischenTheorieUndLebenspraxis,
  author  = {Trescher, Hendrik},
  journal = {Journal für Psychologie},
  title   = {Inklusion zwischen Theorie und Lebenspraxis},
  year    = {2018},
  number  = {26},
  pages   = {29-49},
  volume  = {2},
  doi     = {https://doi.org/10.30820/8248.03},
}

@Book{dabeiseinIstNichtAllesInklusion&ZusammenlebenImKindergarten,
  author    = {Kreuzer, M. and Ytterhus, B.},
  publisher = {Reinhardt},
  title     = {Dabeisein ist nicht alles: Inklusion und Zusammenleben im Kindergarten},
  year      = {2013},
  edition   = {3},
  location  = {München},
}

@Article{dabeiseinIstNichtAllesOderDoch,
  author    = {Sarimski, K.},
  journal   = {Frühförderung interdisziplinär},
  title     = {Dabeisein ist nicht alles – oder doch?},
  year      = {2015},
  number    = {3},
  pages     = {141--151},
  volume    = {34},
  abstract  = {Die soziale Teilhabe von Kindern mit sehr schwerer und mehrfacher Behinderung stellt die pädagogischen Fachkräfte vor besondere Herausforderungen. 
Das gilt für inklusive und sonderpädagogische Kindergärten gleichermaßen. Es wird über eine quantitative explorative Studie mit vier Kindern in integrativen Kindergärten und sechs Kindern in sonderpädagogischen Kindergärten berichtet. In Videoaufzeichnungen von Kreisaktivitäten, gemeinsamen Mahlzeiten und Freispielzeiten werden die sozialen Kontakte der Kinder mit anderen Kindern der Gruppe analysiert. Die Häufigkeit sozialer Kontakte, individuelle Unterschiede und Verhaltensformen, die zum Gelingen der Kontakte beitragen, werden diskutiert.},
  doi       = {10.2378/fi2015.art18d},
  keywords  = {Soziale Teilhabe; Schwere Behinderung; soziale Kontakte; individuelle Unterschiede},
  location  = {München},
  publisher = {Reinhardt},
  url       = {https://www.reinhardt-journals.de/index.php/fi/article/view/2400},
}

@Article{TheUseOfCommunicativeOlsson,
  author    = {Olsson, C.},
  journal   = {Augmentative and Alternative Communication},
  title     = {The Use of Communicative Functions among Pre-school Children with Multiple Disabilities in Two Different Setting Conditions: Group Versus Individual Patterns},
  year      = {2005},
  number    = {1},
  pages     = {3-18},
  volume    = {21},
  doi       = {10.1080/07434610412331270516},
  eprint    = {https://doi.org/10.1080/07434610412331270516},
  publisher = {Taylor & Francis},
  url       = {https://doi.org/10.1080/07434610412331270516},
}

@Article{alltagsTheorienUeberInklusion,
  author    = {Knauf, H. and Graffe, S.},
  journal   = {Frühe Bildung},
  title     = {Alltagstheorien über Inklusion},
  year      = {2016},
  number    = {4},
  pages     = {187-197},
  volume    = {5},
  abstract  = {Zusammenfassung. Für die Umsetzung von Inklusion in Bildungsinstitutionen ist das konkrete Handeln der mit den Kindern arbeitenden Fachkräfte von entscheidender Bedeutung. Der vorliegende Beitrag geht der Frage nach, welche Alltagstheorien von Fachkräften (Stammpersonal und externe Integrationskräfte) in Kindertageseinrichtungen besonders bedeutsam sind und ihre Handeln prägen. Grundlage der hier vorgestellten Untersuchung ist die Analyse von 104 Situationsbeschreibungen, die von den Fachkräften als inklusiv beschrieben wurden. Die Auswertung zeigt, dass die Alltagstheorien wesentlich von dem Ziel der Teilhabe von als besonders wahrgenommenen Kindern in die Gruppe geprägt werden. Als ebenfalls wichtig wird die Unterstützung bei der Überwindung von Barrieren angesehen. Nur ein geringer Teil der erfassten Alltagstheorien beschäftigt sich mit dem Abbau von Barrieren. Die Untersuchung zeigt die starke Bedeutung einer am Integrationsparadigma orientierten Auslegung von Inklusion in der konkreten pädagogischen Praxis.},
  doi       = {10.1026/2191-9186/a000281},
  eprint    = {https://doi.org/10.1026/2191-9186/a000281},
  location  = {Göttingen},
  publisher = {Hogrefe},
  url       = {https://doi.org/10.1026/2191-9186/a000281},
}

@Article{einstellungzuinklusiverbildung_lohmann_wiedebusch,
  author    = {Lohmann, Anne and Wiedebusch, Silvia and Hensen, Gregor and Mahat, Marian},
  journal   = {Frühe Bildung},
  title     = {Multidimensional Attitudes toward Preschool Inclusive Education Scale (MATPIES)},
  year      = {2016},
  number    = {4},
  pages     = {198-205},
  volume    = {5},
  abstract  = {Zusammenfassung. Die Einstellung zu Inklusiver Bildung wird in Forschungskontexten als ein wesentlicher Prädiktor für deren gelingende Realisierung im Bildungssystem beschrieben. Nationale und internationale Studien beziehen sich jedoch vorrangig auf Einstellungen von Personen, die im schulischen Kontext tätig sind. Ein deutschsprachiges Instrument zur Erhebung der Einstellungen frühpädagogischer Fachkräfte liegt bislang nicht vor. In der vorliegenden Studie wurde ein Instrument zur Erhebung der Einstellung von Lehrkräften zu Inklusiver Bildung von Kindern mit Beeinträchtigungen (Mahat, 2008) für den deutschsprachigen Raum und den Einsatz bei pädagogisch tätigen Fachkräften in Kindertageseinrichtungen adaptiert („Multidimensional Attitudes toward Preschool Inclusive Education Scale“, MATPIES). In einer Stichprobe von 1030 Fachkräften in Kindertageseinrichtungen liegen die Werte zur internen Konsistenz der Subskalen zwischen .73 bis .83; dies entspricht weitgehend den Reliabilitätskennwerten der Originalversion. Wie beim Original korrelieren die Subskalen auf einem mittleren bis hohen Niveau (r = .57 bis r = .66). Signifikante Gruppenunterschiede in der Einstellung zu Inklusiver Bildung zwischen Fachkräften, die sich in ihren Erfahrungen im Umgang mit Kindern mit Beeinträchtigungen unterscheiden, liefern erste Hinweise auf die kriteriumsbezogene Validität der MATPIES. Durch den Einsatz des Instrumentes können Effekte von Maßnahmen zur Personalentwicklung in Kindertageseinrichtungen (z.B. Fortbildungen zum Thema Inklusion) auf die Einstellungen frühpädagogischer Fachkräfte erhoben werden.},
  doi       = {10.1026/2191-9186/a000282},
  eprint    = {https://doi.org/10.1026/2191-9186/a000282},
  location  = {Göttingen},
  publisher = {Hogrefe},
  url       = {https://doi.org/10.1026/2191-9186/a000282},
}

@Article{inklusionQualität_Heimlich,
  author    = {Heimlich, U.},
  journal   = {Frühförderung interdisziplinär},
  title     = {Inklusion und Qualität. Auf dem Weg zur inklusiven Kindertageseinrichtung},
  year      = {2015},
  number    = {1},
  pages     = {28--39},
  volume    = {35},
  abstract  = {Pädagogische Qualität in der Behindertenhilfe ist zugleich inklusive Qualität. Ohne die Zielsetzung einer selbstbestimmten sozialen Teilhabe kann die pädagogische Qualität in der Arbeit bei Kindern mit Behinderung nicht hinreichend bestimmt werden. Qualitätsentwicklung in inklusiven Kindertageseinrichtungen ist von daher auf einen eigenständigen pädagogischen Zugang angewiesen. Ein Blick in inklusive Kindertageseinrichtungen lehrt, dass umfassende Qualitätsentwicklung eher über spezifische Qualitätskonzepte geleistet werden kann, die in einem dialogischen Entwicklungsprozess aus den Einrichtungen selbst hervorgehen und für Prozesse der Selbstevaluation offen bleiben.},
  doi       = {10.2378/fi2016.art03d},
  keywords  = {Inklusion; Qualität; Kindertageseinrichtungen; Kompetenz},
  location  = {München},
  publisher = {Reinhardt},
  url       = {https://www.reinhardt-journals.de/index.php/fi/article/view/2529},
}

@Book{bfsfremdbetreuung,
  author      = {{Bundesamt für Statistik}},
  title       = {Grosseltern, Kindertagesstätten und schulergänzende Einrichtungen leisten den grössten Betreuungsanteil},
  year        = {2020},
  address     = {Neuchâtel},
  month       = {May},
  number      = {12867117},
  copyright   = {BFS/OFS/UST/FSO},
  file        = {:bfsfremdbetreuung - Grosseltern, Kindertagesstätten Und Schulergänzende Einrichtungen Leisten Den Grössten Betreuungsanteil.bib:bib},
  language    = {DE},
  url         = {https://www.bfs.admin.ch/bfsstatic/dam/assets/12867117/master},
}

@TechReport{bfs,
  author      = {{Bundesamt für Statistik}},
  title       = {Vereinbarkeit von Beruf und Familie in der Schweiz und im europäischen Vergleich 2018},
  year        = {2020},
  address     = {Neuchâtel},
  language    = {DE},
  url         = {https://www.bfs.admin.ch/bfsstatic/dam/assets/14877706/master},
}

@Book{schlippe,
  author    = {Von Schlippe, A. and Schweitzer, J.},
  publisher = {Vandenhoeck & Ruprecht},
  title     = {Lehrbuch der systemischen Therapie und Beratung},
  year      = {2012},
  address   = {Göttingen},
  edition   = {2. Auflage},
  isbn      = {9783647401850},
  keywords  = {Systemaufstellung},
  language  = {ger},
}

@Book{malik,
  author    = {Malik, Fredmund F.},
  publisher = {Campus},
  title     = {Navigieren in Zeiten des Umbruchs : die Welt neu denken und gestalten},
  year      = {2015},
  isbn      = {3-593-43206-4},
  booktitle = {Navigieren in Zeiten des Umbruchs : die Welt neu denken und gestalten},
  keywords  = {Organizational change -- Management},
  language  = {ger},
  location  = {Frankfurt},
}

@Book{rainerfryszer,
  author    = {Schwing, R. and Fryszer, A.},
  publisher = {Vandenhoeck & Ruprecht},
  title     = {Systemisches Handwerk : Werkzeug für die Praxis},
  year      = {2015},
  edition   = {7., durchgesehene Auflage},
  isbn      = {9783525453728},
  abstract  = {Wer systemisch arbeitet, wird sich mit der Zeit sein Handwerkszeug passend zurechtlegen. Manchmal ist sicherlich auch ein Handbuch erforderlich, in dem man nachschlagen kann, je nachdem, in welchem Zusammenhang und mit wem man es zu tun hat. Ein solcher Werkzeugkoffer ist erst recht für diejenigen nützlich, die das systemische Handwerk erlernen oder in den ersten Gesellenjahren sind. Die beiden Autoren, erfahren als Ausbilder, Berater, Therapeuten und Supervisoren, leiten Schritt für Schritt durch die Phasen systemischer Arbeit: Beobachten, Informationen erfassen und dokumentieren, Aufträge klären, Hypothesen bilden, Ziele definieren; Massnahmen planen und umsetzen. Das systemische Vorgehen wird so konkret dargestellt, dass es direkt angewendet werden kann. Zahlreiche Fallbeispiele veranschaulichen die Umsetzung in den verschiedenen Feldern psychosozialer Arbeit. Kurze Skizzierungen des theoretischen Hintergrunds runden die Darstellung des jeweiligen 'Werkzeugs' ab. Das beschriebene Vorgehen ist keiner systemischen Richtung verpflichtet, sondern vermittelt schulenübergreifend wertvolles Know-how für alle Arbeits- und Berufsfelder. (Quelle: buch.ch)},
  booktitle = {Systemisches Handwerk Werkzeug für die Praxis},
  keywords  = {Psychologische Beratung},
  language  = {ger},
  location  = {Göttingen},
}

@Article{forum-anfang,
  author      = {Keller, P.},
  journal     = {Forum},
  title       = {Ohne Auftragsklärung geht es nicht?! Zur Bedeutung der Auftragsklärung im Kontext der Heilpädagogischen Früherziehung. Eine theoretische und praktische Auseinandersetzung mit dem Thema der Auftragsklärung in 3 Etappen.},
  year        = {2018},
  month       = Januar,
  number      = {94},
  pages       = {19-25},
  institution = {Mietgliedermagazin des BVF},
}

@Article{forum-keller-gemeinsam,
  author      = {Keller, P.},
  journal     = {Forum},
  title       = {Auf dem Weg vom Kontakt zum Kontrakt. Bedingungs- und Gestaltungsparameter der Auftragsklärung in der Heilpädagogischen Früherziehung. Eine theoretische und praktische Auseinandersetzung mit dem Thema der Auftragsklärung in 3 Etappen.},
  year        = {2018},
  month       = feb,
  number      = {95},
  pages       = {16-23},
  institution = {Mietgliedermagazin des BVF},
}

@Book{sarimskiBehinderteKinder2011,
  author    = {Sarimski, K.},
  publisher = {Kohlhammer},
  title     = {Behinderte Kinder in inklusiven Kindertagesstätten},
  year      = {2011},
  isbn      = {9783170229136},
  location  = {Stuttgart},
}

@Book{sarimskiSozialeTeilhabeVonKindernMitKomplexerBehinderungInDerKita,
  author    = {Sarimski, K.},
  publisher = {Reinhardt},
  title     = {Soziale Teilhabe von Kindern mit komplexer Behinderung in der Kita.},
  year      = {2016},
  location  = {München},
}

@Article{studienvergleichbayernrheinland,
  author    = {Kißgen, R. and Wirts, C. and Limburg, D. and Wertfein, M. and Franke, S. and Wölfl, J. and Austermühle, J.},
  journal   = {Frühförderung interdisziplinär},
  title     = {Zur inklusiven Betreuung von Kindern mit (drohender) Behinderung in Kindertageseinrichtungen in Bayern und im Rheinland. Ein Studienvergleich},
  year      = {2021},
  number    = {2},
  pages     = {64--77},
  volume    = {40},
  abstract  = {Es werden zwei Studien vorgestellt, die die Rahmenbedingungen bei der Umsetzung von Inklusion im Elementarbereich untersuchen. Die Inklusion-vor-Ort-Studie beschäftigte sich mit dem Thema Inklusion als gemeinsame Aufgabe von Kindertageseinrichtungen und Frühförderung in Bayern. Die Rheinland-Kita-Studie explorierte die inklusive Betreuungssituation in den Kindertageseinrichtungen des Rheinlandes. Die Ergebnisse zeigen einen deutlichen Anteil an Kindertageseinrichtungen, die keine Kinder mit (drohender) Behinderung betreuen. Mit Blick auf alle – an den beiden Studien teilnehmenden – Einrichtungen finden sich Hinweise auf Nachbesserungsbedarfe bezogen auf Aspekte wie Barrierefreiheit, Professionalisierung der Kita-Teams und Aufbau von tragfähigen Netzwerken.},
  doi       = {10.2378/fi2021.art07d},
  keywords  = {Kinder mit Behinderung, Kinder mit drohender Behinderung, Risikokinder, Inklusion, Kindertageseinrichtung, Kooperation},
  publisher = {Reinhardt},
  url       = {https://www.reinhardt-journals.de/index.php/fi/article/view/153409},
}

@Article{austermühleWöhrleWiemert,
  author   = {Rüdiger Kißgen und Julia Austermühle und Joachim Wöhrle und Heike Wiemert und Daniela Limburg},
  journal  = {Vierteljahresschrift für Heilpädagogik und ihre Nachbargebiete},
  title    = {Fachbeitrag: Betreuung von Kindern mit Behinderung in den Tageseinrichtungen für Kinder des Rheinlandes. Ergebnisse der Rheinland-Kita-Studie},
  year     = {2021},
  number   = {1},
  pages    = {24--40},
  volume   = {90},
  abstract = {Der vorliegende Beitrag stellt Befunde der quantitativ-empirischen Fragebogenerhebung der Rheinland-Kita-Studie vor, in der die Umsetzung von Inklusion für Kinder mit Behinderung in den Tageseinrichtungen für Kinder des Rheinlandes in Nordrhein-Westfalen untersucht wurde. Verglichen wurde die Betreuungssituation in Einrichtungen, die bereits Kinder mit Behinderung im sozialrechtlichen Sinn betreuen, mit jenen, die sich bislang auf die Betreuung von Kindern ohne Behinderung konzentrieren. Einbezogen wurden u.a. einrichtungsbezogene Variablen (z.B. Lage, Größe, Gründe für die Aufnahme bzw. Nichtaufnahme von Kindern mit Behinderung) sowie kindbezogene Variablen (z.B. Anteil von Risikokindern, Migrationshintergrund). Die im Rahmen der Studie identifizierten Problemlagen zeigen auf, dass die inklusive Betreuung im elementarpädagogischen Bereich noch weiterer Unterstützung bedarf. Abschließend wird diskutiert, wie es um die Teilhabechancen für Kinder im elementarpädagogischen Bereich des Rheinlandes steht.},
  doi      = {10.2378/vhn2021.art03d},
  keywords = {Kinder mit Behinderung; Inklusion; Kindertageseinrichtung; Teilhabe},
  url      = {https://www.reinhardt-journals.de/index.php/vhn/article/view/153230},
}

@TechReport{stiftungkifa,
  year = {2022},
  author = {{Stiftung Kifa Schweiz}},
  title = {KITAplus: Für Kinder mit Besonderen Bedürfnissen},
  location = {Zofingen},
  url   = {https://www.stiftung-kifa.ch/de/entlastung/kitaplus.html},
}

@Misc{uno,
  author = {{Schweizerische Eidgenossenschaft}},
  title = {Übereinkommen der UNO über die Rechte von Menschen mit Behinderungen},
  journal = {},
  year  = {},
  url   = {https://www.edi.admin.ch/edi/de/home/fachstellen/ebgb/recht/international0/uebereinkommen-der-uno-ueber-die-rechte-von-menschen-mit-behinde.html},
}

@Electronic{wocken,
  author = {Wocken, H.},
  title  = {Inklusion & Integration. Ein Versuch, die Integration vor der Abwertung und die Inklusion vor Träumereien zu bewahren.},
  url    = {https://inklusion20.de/material/inklusion/Inklusion%20vs%20Integration_Wocken.pdf},
  year   = {2009},
  location = {Frankfurt},
}

@InBook{könig2012,
  author            = {König, J.},
  editor            = {König, Johannes},
  pages             = {207 S.},
  publisher         = {Waxmann},
  title             = {Teachers' pedagogical beliefs. Definition and operationalisation - connections to knowledge and performance - development and change.},
  year              = {2012},
  address           = {Münster},
  isbn              = {3-8309-2696-0; 978-3-8309-2696-2},
  type              = {online; gedruckt},
  abstract          = {How are teachers' pedagogical beliefs and their professional knowledge related? How do teachers' pedagogical beliefs affect their work in the classroom? Do future teachers' pedagogical beliefs evolve during training? How are these beliefs defined and operationalized in current empirical research? This work provides an in-depth empirical examination of different aspects of teachers' pedagogical beliefs. [...] The contributions cover a broad range of issues, distinguishing between in-service and pre-service teachers, examining the results of national surveys and international comparisons of teachers' pedagogical beliefs, and making use of different methodologies regarding operationalization and measurement. (DIPF/Orig.).},
  beigaben          = {Illustrationen; grafische Darstellungen; Tabellen; Literaturangaben},
  keywords          = {Bildung; Pädagogik; Kompetenz; Wissen; Befragung; Empirische Forschung; Einstellung (Psy); Grundschule; Primarbereich; Lehrer; Lehramtsstudent; Lehrerausbildung; Fachwissen; Schülerleistung; Sitzen bleiben; Motivation; Unterricht; Fachdidaktik; Bilingualismus; Mathematik; Mathematikunterricht; Messung; Technologie; Überzeugung; Berufsausbildung; Professionalisierung; Berufswahl; Qualität; Technik; Asien; Deutschland; Irland; Schweiz; USA; Westeuropa},
  sprache           = {englisch},
  titel_uebersetzt  = {Die pädagogischen Überzeugungen von Lehrern. Definition und Operationalisierung, Verbindungen zu Wissen und Performanz, Entwicklung und Wandel.},
  url               = {https://nbn-resolving.org/urn:nbn:de:0111-pedocs-210309},
  zusatzinformation = {Inhaltsverzeichnis: http://d-nb.info/1026099080/04},
}

@Article{luders2014,
  author    = {Lüders, Christian},
  journal   = {Soziale Passagen},
  title     = {„{Irgendeinen} {Begriff} braucht es ja….“*},
  year      = {2014},
  issn      = {1867-0199},
  month     = jun,
  number    = {1},
  pages     = {21--53},
  volume    = {6},
  abstract  = {Für die Kinder- und Jugendhilfe in Deutschland sind die Exklusion und Inklusion vertraute Begriffe. Mit dem Inkrafttreten der UN-Behindertenrechtskonvention im Jahr 2009 Inklusion kam eine neue Bedeutung im Sinne der Inklusion von jungen Menschen mit Behinderungen hinzu. Dies führte dazu, dass der Begriff vieldeutiger wurde. Vor diesem Hintergrund unternimmt der Beitrag den Versuch, die Diskussion zu sortieren. Entlang von fünf Themenkomplexen sollen Aspekte und Herausforderungen des Inklusionsbegriffes erläutert werden. Eingegangen wird auf das soziologische gesellschaftstheoretische Verständnis von Inklusion, auf den Gegensatz von Integration und Inklusion, auf die Forderung nach Dekategorisierung, den ungeklärten Stellenwert der Menschenrechtskonvention, die Frage der sozialgesetzlichen Zuständigkeiten zwischen Kinder- und Jugendhilfe und Behindertenhilfe sowie die Herausforderungen an die Veränderungen der pädagogischen Praxis und Institutionen, die mit Inklusion verbunden sind.},
  doi       = {10.1007/s12592-014-0164-8},
  location  = {Wiesbaden},
  publisher = {Springer},
  url       = {https://doi.org/10.1007/s12592-014-0164-8},
}

@Article{Hinz2013,
  author       = {Hinz, Andreas},
  journal      = {Zeitschrift für Inklusion},
  title        = {Inklusion – von der Unkenntnis zur Unkenntlichkeit!? - Kritische Anmerkungen zu einem Jahrzehnt Diskurs über schulische Inklusion in Deutschland},
  year         = {2013},
  month        = {Apr.},
  number       = {1},
  abstractnote = {Der folgende Text nimmt die Entwicklung des Diskurses über schulische Inklusion und seine bildungspolitischen, verbandlichen und wissenschaftlichen Teildiskurse im Hinblick auf Veränderungen innerhalb der vergangenen zehn Jahre kritisch in den Blick. Dabei geht er insbesondere auf interessengeleitete und als Bewältigung einer Krisensituation interpretierbare Phänomene ein und zeigt in einem Ausblick, wie bildungspolitisch und wissenschaftlich am Thema schulische Inklusion angemessen weitergearbeitet werden kann.},
  url          = {https://www.inklusion-online.net/index.php/inklusion-online/article/view/26},
}

@Article{rohrmann_inklusion_2014,
  author    = {Rohrmann, Eckhard},
  journal   = {Soziale Passagen},
  title     = {Inklusion? {Inklusion}!},
  year      = {2014},
  issn      = {1867-0199},
  month     = jun,
  number    = {1},
  pages     = {161--166},
  volume    = {6},
  abstract  = {In der Rubrik „Zwischenruf“ werden laufend aktuelle Bezüge zu gesellschaftlichen Themen aufgenommen, die jeweils aus individueller Perspektive diskutiert und reflektiert werden. Im aktuellen „Zwischenruf“ geht es um Aspekte der aktuellen Diskussion um den mittlerweile schillernden Begriff „Inklusion“ und eine kritische Auseinandersetzung mit dem Konzept der sog. „moderaten Inklusion“.},
  doi       = {10.1007/s12592-014-0161-y},
  location  = {Wiesbaden},
  publisher = {Springer},
  url       = {https://doi.org/10.1007/s12592-014-0161-y},
}

@Book{schattenmann_inklusion_2014,
  author    = {Schattenmann, E.},
  publisher = {ATHENA},
  title     = {Inklusion und {Bewusstseinsbildung}: {Die} {Notwendigkeit} bewusstseinsbildender {Maßnahmen} zur {Verwirklichung} von {Inklusion} in {Deutschland}},
  year      = {2014},
  edition   = {4},
  isbn      = {978-3-89896-507-1},
  location  = {Oberhausen},
}

@Article{kindergartenheute2019,
  author    = {Hundegger, Veronika},
  journal   = {praxis kompakt},
  title     = {Eine Kita für alle - Inklusion im pädagogischen Alltag.},
  year      = {2019},
  location  = {Freiburg},
  publisher = {Herder},
}

@Electronic{hinz2002,
  author = {Hinz, A.},
  title  = {Von der Integration zur Inklusion- terminologisches Spiel oder konzeptionelle Weiterentwicklung?},
  url    = {http://www.jugendsozialarbeit.de/media/raw/hinz_inklusion.pdf},
  year   = {2002},
}

@Book{saalfrank_inklusion_2017,
  author    = {Saalfrank, W.T. and Zierer, K.},
  publisher = {Ferdinand Schöningh},
  title     = {Inklusion},
  year      = {2017},
  isbn      = {978-3-8252-4541-2},
  location  = {Paderborn},
}

@Article{einschätzunginklusivepraxis-bernasconi,
  author   = {Bernasconi, T. and Sachse, S.K. und Kröger, S.},
  journal  = {Frühförderung interdisziplinär},
  title    = {Originalarbeit: Einschätzung inklusiver Praxis in Kindertagesstätten mit dem Inclusive Classroom Profile},
  year     = {2021},
  number   = {3},
  pages    = {134-142},
  volume   = {40},
  abstract = {Trotz der aktuell großen Diversität der deutschsprachigen Inklusionsdiskussion und der Existenz unterschiedlicher Zielperspektiven besteht in den Einrichtungen der frühen Bildung die Notwendigkeit, inklusive Prozesse zu gestalten und zu analysieren. Das Inclusive Classroom Profile (ICP) von Elena Soukakou ist ein Beobachtungsbogen, der die Möglichkeit bietet, die inklusive Praxis in Kindertagesstätten zu analysieren und weiterzuentwickeln. Im vorliegenden Beitrag werden ausgewählte Aspekte inklusiver Praxis betrachtet und anschließend skizziert, wie in Gruppen und Einrichtungen die Entwicklung zu einer inklusiven Praxis mit dem ICP gestaltet werden kann. Abschließend werden erste Erfahrungen mit der deutschen Übersetzung des ICP dargestellt.},
  doi      = {10.2378/fi2021.art13d},
  keywords = {Inklusion; inklusive Praxis; frühe Bildung; Individualisierung; Operationalisierung},
  url      = {https://www.reinhardt-journals.de/index.php/fi/article/view/153562},
}

@Book{peer-learning,
  author    = {Kordulla, A.},
  publisher = {Julius Klinkhardt},
  title     = {Peer-Learning im Übergang von der Kita in die Grundschule. Unter besonderer Berücksichtigung der Kinderperspektiven.},
  year      = {2017},
  volume    = {3},
  location  = {Bad Heilbrunn},
}

@Book{albersmittendrin,
  author    = {Albers, T.},
  publisher = {Ernst Reinhardt Verlag},
  title     = {Mittendrin statt nur dabei. Inklusion in Krippe und Kindergarten},
  year      = {2011},
  location  = {München},
}

@Article{buysse,
  author   = {Buysse, V. and Goldman, B. D. and Skinner, M. L.},
  journal  = {Exceptional Children},
  title    = {Setting Effects on Friendship Formation among Young Children with and without Disabilities},
  year     = {2002},
  number   = {4},
  pages    = {503-517},
  volume   = {68},
  abstract = {This study examined the effects of social setting on the friendship formation of 333 preschool children (120 children with disabilities and 213 typically developing children) enrolled in inclusive early childhood programs. The study found that typically developing children in specialized classrooms had significantly more friends than did children with disabilities in those same settings. In child care settings, however, the difference between the reported number of friendships for typically developing children and their peers with disabilities did not reach statistical significance. Implications are presented for considering how the social ecology of the early childhood classroom setting may influence social outcomes for young children enrolled in inclusive programs.},
  doi      = {10.1177/001440290206800406},
  eprint   = {https://doi.org/10.1177/001440290206800406},
  url      = {https://doi.org/10.1177/001440290206800406},
}

@InBook{albers_vielfalt_2012,
  author    = {Albers, T.},
  editor    = {Albers, T. and Bree, S. and Jung, E. and Seitz, S.},
  pages     = {51-57},
  publisher = {Herder},
  title     = {Kinder mit Behinderungen in Krippe und Kita - von der Integration zur Inklusion.},
  year      = {2012},
  booktitle = {Vielfalt von Anfang an. Inklusion in Krippe und Kita},
  location  = {Freiburg im Breisgau},
}

@TechReport{einstellungPädagogischerFachkräften_Weltzien,
  author  = {Weltzien, D. and Söhnen, S.A.},
  editor  = {Weltzien, D. and Fröhlich-Gildhoff, K.},
  journal = {Perspektiven der empirischen Kinder- und Jugenforschung},
  title   = {Einstellungen pädagogischer Fachkräfte zur Inklusion: Welchen Einfluss haben individuelle Erfahrungen und teambezogene Faktoren in Kindertageseinrichtungen? Sonderauswertungen aus dem Projekt InkluKiT},
  year    = {2020},
  number  = {2},
  pages   = {86-106},
  volume  = {6},
  location = {Freiburg},
  publisher = {FEL},
}

@TechReport{richtlinienKindertagessstätten_2020,
  author = {{Verband Kinderbetreuung Schweiz}},
  title  = {Richtlinien für die Betreuung von Kindern in Kindertagesstätten.},
  year   = {2020},
  url    = {https://www.kibesuisse.ch/fileadmin/Dateiablage/kibesuisse_Publikationen_Deutsch/2020_kibesuisse_Richtlinien_Kita.pdf},
}

@Book{fragebogenSozialeArbeit,
  author    = {Schneider, A.},
  publisher = {Barbara Budrich},
  title     = {Fragebogen in der Sozialen Arbeit.},
  year      = {2013},
  number    = {4013},
  location  = {Opladen und Toronto},
}

@Book{miedander,
  author    = {Miedander, L.},
  publisher = {DJI-Verlag},
  title     = {Gemeinsame Erziehung behinderter und nicht behinderter Kinder. Materialien zur pädagogischen Arbeit im Kindergarten.},
  year      = {1997},
  number    = {3},
  location  = {München},
}

@Article{rafferty&Griffin2005,
  author   = {Yvonne Rafferty and Kenneth W. Griffin},
  journal  = {Journal of Early Intervention},
  title    = {Benefits and Risks of Reverse Inclusion for Preschoolers with and without Disabilities: Perspectives of Parents and Providers},
  year     = {2005},
  number   = {3},
  pages    = {173-192},
  volume   = {27},
  abstract = {This study compares perspectives about benefits and risks of inclusion of 237 parents of children with and without disabilities and 118 providers in the same community-based reverse inclusion preschool program, using the same measures. Confirmatory factor analyses revealed a two-factor structure, risks and benefits, based on scale scores from the study samples. Providers and parents strongly agreed that inclusion was beneficial for both preschoolers with and without disabilities. Parents' perspectives about potential risks for both groups of children were greater than providers' perspectives. Providers and parents reported greater support for including children with mild and moderate disabilities than children with severe disabilities. Attitudes toward inclusion among providers were not associated with years of experience. Implications for practice and research are discussed.},
  doi      = {10.1177/105381510502700305},
  eprint   = {https://doi.org/10.1177/105381510502700305},
  url      = {https://doi.org/10.1177/105381510502700305},
}

@TechReport{logopädieKantonLuzern,
  author = {{Stadt Luzern}},
  year  = {2022},
  title = {Logopädie Luzern},
  url   = {https://www.logopaedieluzern.ch/schulkinder-1},
}

@TechReport{psychomotorik,
  author = {{Stadt Luzern}},
  year = {2022},
  title = {Psychomotorik Therapiestelle},
  url   = {https://www.stadtluzern.ch/dienstleistungeninformation/555},
}

@Article{storytelllingprogram,
  author  = {Giagazoglou, P. and Papadaniil, M.},
  journal = {Advances in Physical Education},
  title   = {Effects of a Storytelling Program with Drama Techniques to Understand and Accept Intellectual Disability in Students 6 - 7 Years Old. A Pilot Study.},
  year    = {2018},
  month   = may,
  number  = {2},
  pages   = {224-237},
  volume  = {8},
  doi     = {10.4236/ape.2018.82020},
}

@Article{attitudestowardspeers,
  author  = {Boer, Anke and Pijl, Sip and Minnaert, Alexander},
  journal = {International Journal of Disability Development and Education},
  title   = {Students' Attitudes towards Peers with Disabilities: A review of the literature.},
  year    = {2012},
  month   = {12},
  pages   = {379-392},
  volume  = {59},
  doi     = {10.1080/1034912X.2012.723944},
}

@Article{siperstein2007,
  author   = {Gary N. Siperstein and Robin C. Parker and Jennifer Norins Bardon and Keith F. Widaman},
  journal  = {Exceptional Children},
  title    = {A National Study of Youth Attitudes toward the Inclusion of Students with Intellectual Disabilities.},
  year     = {2007},
  number   = {4},
  pages    = {435-455},
  volume   = {73},
  abstract = {The authors surveyed a national random sample of 5,837 middle school students on their attitudes toward the inclusion of peers with intellectual disabilities (ID). The national sample provided results that were accurate, with a margin of error of ± 1.4\%. Findings indicated that youth (a) have limited contact with students with ID in their classrooms and school; (b) perceive students with ID as moderately impaired rather than mildly impaired; (c) believe that students with ID can participate in nonacademic classes, but not in academic classes; (d) view inclusion as having both positive and negative effects; and (e) do not want to interact socially with a peer with ID, particularly outside school. Structural equation modeling showed that youths' perceptions of the competence of students with ID significantly influence their willingness to interact with these students and their support of inclusion.},
  doi      = {10.1177/001440290707300403},
  eprint   = {https://doi.org/10.1177/001440290707300403},
  url      = {https://doi.org/10.1177/001440290707300403},
}

@TechReport{europaischeagentur,
  author      = {{European Agency for Special Needs and Inclusive Education}},
  title       = {Inklusive frühkindliche Bildung und Erziehung: Neue Einblicke und Instrumente – Zusammenfassender Abschlussbericht.},
  year        = {2017},
  location    = {Odense, Dänemark},
  editor      = {Kyriazopoulou, M. and Bartolo, P. and Björck-Åkesson, E. and Giné, C. and Bellour, F.},
  url         = {https://www.european-agency.org/sites/default/files/iece-summary-de.pdf},
}

@Article{lanners,
  author   = {R. Lanners},
  journal  = {Schweizerische Zeitschrift für Heilpädagogik},
  title    = {Inklusion von klein auf. Das Projekt «Inklusive Frühkindliche Bildung» der European Agency.},
  year     = {2018},
  pages    = {34-37},
  volume   = {24 (4)},
  location = {Bern},
  url      = {www.szh-csps.ch/z2018-04-05},
}

@Misc{web-european-agency,
  institution = {{European Agency for Special Needs and Inclusive Education}},
  year     = {2022},
  title = {},
  url = {https://www.european-agency.org/Deutsch/publications},
}

@Misc{web-selbstreflex,
  author = {{European Agency for Special Needs and Inclusive Education}},
  year     = {2022},
  title    = {Selbstreflexionsbogen},
  url      = {https://www.european-agency.org/Deutsch/publications},
}

@TechReport{worldhealthorganisation,
  author      = {{World Health Organization}},
  institution = {Deutschen Institut für Medizinische Dokumentation und Information (DIMDI).},
  title       = {Internationale Klassifikation der Funktionsfähigkeit, Behinderung und Gesundheit (ICF). Deutsche Übersetzung.},
  year        = {2005},
  location    = {Köln},
  url         = {https://www.soziale-initiative.net/wp-content/uploads/2013/09/icf_endfassung-2005-10-01.pdf},
}

@TechReport{kleineva,
  author      = {Klein, E. and Lorenz-Medick, H. and Bamikol-Veit, H.},
  institution = {LAG Frühe Hilfen.},
  title       = {Was Kinder im Rahmen einer inklusiven Tagesbetreuung benötigen.},
  year        = {2012},
  location    = {Hessen},
  url         = {http://www.fruehe-hilfen-hessen.de/uploads/media/SchriftenreiheLAGNr.2.pdf},
}

@Article{walker,
  author  = {Walker, Sue and Berthelsen, Donna},
  journal = {Electronic Journal for Inclusive Education},
  title   = {The social participation of young children with developmental disabilities in inclusive early childhood programs},
  year    = {2007},
  month   = {01},
  number  = {2},
  volume  = {2},
  url     = {https://www.researchgate.net/publication/27472112_The_social_participation_of_young_children_with_developmental_disabilities_in_inclusive_early_childhood_programs},
}

@Article{wiedebusch2015,
  author   = {Wiedebusch, S. and Lohmann, A. and Hensen, G.},
  journal  = {Frühförderung interdisziplinär},
  title    = {Chronisch kranke Kinder in Kindertageseinrichtungen. Eine Befragung pädagogischer Fachkräfte.},
  year     = {2015},
  number   = {3},
  pages    = {152--163},
  volume   = {34},
  publisher = {Ernst Reinhardt Verlag},
  location = {München},
  abstract = {Laut epidemiologischer Daten sind in Deutschland zwischen 9 und 14 % der Kinder bis zum Alter von sechs Jahren chronisch erkrankt (Neuhauser et al. 2014). Zur Betreuung dieser Kinder wurden Leiter/innen von Tageseinrichtungen (N = 112) sowie früh- und heilpädagogische Fachkräfte (N = 1030) schriftlich befragt. Insgesamt wurden 
in den teilnehmenden Einrichtungen 94 chronisch kranke Kinder betreut; dies entspricht einem Anteil von 1,1 % an der Gesamtzahl der Kinder. Die Mehrheit der Leitungs- und Fachkräfte, die chronisch kranke Kinder betreuen, ist bereit, sich auf die besonderen Versorgungsbedarfe einzustellen. Heilpädagogische Fachkräfte zeigen hierzu eine signifikant höhere Bereitschaft und fühlen sich bei der Betreuung der Kinder sicherer als frühpädagogische Fachkräfte.},
  doi      = {10.2378/fi2015.art19d},
  keywords = {Chronisch kranke Kinder; Kindertageseinrichtungen; Inklusion},
  url      = {https://reinhardt-journals.de/index.php/fi/article/view/2401},
}

@Article{zakirova,
  author  = {Engstrand, Rano and Roll-Pettersson, Lise},
  journal = {Journal of Research in Special Educational Needs},
  title   = {Inclusion of preschool children with autism in Sweden: Attitudes and perceived efficacy of preschool teachers},
  year    = {2012},
  month   = {10},
  number  = {3},
  volume  = {14},
  doi     = {10.1111/j.1471-3802.2012.01252.x},
}

@article{fachkraftkindinteraktion,
author = {Reyhing, Yvonne and Frei, Doris and Burkhardt Bossi, Carine and Perren, Sonja},
title = {Die Bedeutung situativer Charakteristiken und struktureller Rahmenbedingungen für die Qualität der unterstützenden Fachkraft-Kind-Interaktion in Kindertagesstätten},
journal = {Zeitschrift für Pädagogische Psychologie},
volume = {33},
number = {1},
pages = {33-47},
year = {2019},
doi = {10.1024/1010-0652/a000233},
URL = {https://doi.org/10.1024/1010-0652/a000233},
eprint = {https://doi.org/10.1024/1010-0652/a000233},
location  = {Göttingen},
publisher = {Hogrefe},
}

@Article{WiedebuschlohmannTasche,
  author    = {Wiedebusch, S. and Lohmann, A. and Tasche, H. and Thye, M. and Hensen, G.},
  journal   = {Frühe Bildung},
  title     = {Inklusion von Kindern mit Beeinträchtigungenim Spiegel pädagogischer Konzeptionenvon Kindertageseinrichtungen},
  year      = {2015},
  number    = {4},
  pages     = {203-210},
  volume    = {4},
  doi       = {10.1026/2191-9186/a000206},
  location  = {Göttingen},
  publisher = {Hogrefe},
}

@Article{tiki,
  author    = {Lütolf, M. and Schaub, S.},
  title     = {Teilhabe in der Kindertagesstätte (TiKi) Schlussbericht},
  year      = {2021},
  location  = {Zürich},
  publisher = {Institut für Behinderung und Partizipation (HfH)},
}

@Article{europeanjournal,
  author  = {Avramidis, E. and Norwich, B.},
  journal = {European Journal of Special Needs Education},
  title   = {Teachers' attitudes towards integration/inclusion: a review of the literature},
  year    = {2002},
  number  = {2},
  pages   = {129-147},
  volume  = {12},
  doi     = {10.1080/08856250210129056},
  url     = {http://dx.doi.org/10.1080/08856250210129056},
}

@Article{systementwicklungfachdienst,
  author    = {Mirbach, B. and Thurmair, M. and Vahle, M.},
  journal   = {Frühförderung Interdisziplinär},
  title     = {Fachdienste von Frühförderstellen für Kindertagesstätten. Systementwicklung und aktueller Stand.},
  year      = {2016},
  pages     = {15-22},
  volume    = {26},
  location  = {München},
  publisher = {Ernst Reinhardt},
}

@Article{kinderbetreuungluzern,
  author   = {Amberg, H. and Heller, R.},
  journal  = {Interface Politikstudien Forschung Beratung},
  title    = {Kinderbetreuung im Kanton Luzern – Betreuungsangebote Vorschulalter. Erhebung 2017 zuhanden der Dienststelle Soziales und Gesellschaft (DISG) des Kantons Luzern},
  year     = {2018},
  url      = {https://kinderbetreuung.lu.ch/-/media/Kinderbetreuung/Dokumente/Anbietende/Kinderbetr_Erhebungsbericht_Kinderbetreuung_Kanton_Luzern_2017.pdf?la=de-CH},
}

@Misc{luzernerzeitung,
  author      = {Bischof, H.},
  institution = {Luzerner Zeitung},
  title       = {Stadt Luzern will familienergänzende Kinderbetreuung finanziell stärker unterstützen.},
  year        = {2021},
  url         = {https://www.luzernerzeitung.ch/zentralschweiz/luzern/gutscheinsystem-stadt-luzern-will-familienergaenzende-kinderbetreuung-finanziell-staerker-unterstuetzen-ld.2141026},
}

@Book{unerfullbarevision,
  author    = {Graumann, O.},
  publisher = {Barbara Budrich},
  title     = {Inklusion - eine unerfüllbare Vision? Eine kritische Bestandesaufnahme.},
  year      = {2018},
  location  = {Opladen},
}

@Article{angebotsmangel,
  author  = {Fischer, A. and Häfliger, M. and Pestalozzi, A.},
  journal = {FORUM},
  title   = {Kinderbetreuung und Behinderung: Angebotsmangel trotz substanziellem Bedarf},
  year    = {2021},
  month   = jun,
  number  = {104},
  pages   = {52 - 56},
}

@InBook{seitzfinnern,
  author    = {Seitz, S. and Finnern, N.},
  editor    = {nifbe},
  chapter   = {Teil 1.},
  pages     = {15-25},
  publisher = {Herder},
  title     = {Inklusion in Kindertageseinrichtungen - eigentlich ganz normal},
  year      = {2012},
  location  = {Freiburg},
}

@Book{Koch2015,
  author    = {Koch, Katja and Ellinger, Stephan},
  publisher = {Hogrefe},
  title     = {Empirische Forschungsmethoden in der Heil- und Sonderpädagogik.},
  year      = {2015},
  isbn      = {9783801722432},
  abstract  = {{Das Buch stellt eine denkbar niedrige Schwelle zum Verst\"andnis methodischer Grundfragen in der empirischen Forschung dar. Die \"ubersichtliche Struktur macht es auch Studienanf\"angern, die noch kein Grundverst\"andnis mitbringen, m\"oglich, Antworten auf eigene methodische Fragen zu finden.Jedes Kapitel beginnt mit einer typischen methodischen Frage, die zum Kern des Kapitels f\"uhrt. Auf diese Weise werden die Studierenden f\"ur die Anwendungen verschiedener methodischer Zug\"ange sensibilisiert. Eine zweite Fragestellung spezifiziert die methodische Frage auf einen inhaltlichen Anwendungsaspekt, der aus sonderp\"adagogischer Sicht interessant ist. Der gut lesbare Text enth\"alt zudem Empfehlungen weiterf\"uhrender Literatur speziell zum behandelten Problemfeld.Zu den behandelten Themen geh\"oren u.a. Forschungsdesigns und Untersuchungspl\"ane, Stichproben und Auswahlverfahren, Datenauswertung sowie Datenaufbereitung.}},
  keywords  = {Lehrbuch, Statistik, Methodenlehre, Heilpädagogik/Sonderpädagogik, Sonderpädagogik, Empirie, Qualitative Forschung, Quantitative Forschung},
  location  = {Göttingen},
  url       = {https://elibrary.hogrefe.com/book/99.110005/9783840922435},
}

@Book{raabsteiner,
  author    = {Raab-Steiner, E. and Benesch, M.},
  publisher = {facultas},
  title     = {Der Fragebogen. Von der Forschungsidee zur SPSS-Auswertung},
  year      = {2015},
  edition   = {4., aktualisierte und überarbeitete Aufl},
  location  = {Wien},
}

@InBook{hug2020,
  author    = {Poscheschnik, G. and Lederer, B. and Perzy, A. and Hug, T.},
  editor    = {Hug, T. and Poscheschnik, G.},
  chapter   = {5},
  pages     = {125-187},
  publisher = {UVK},
  title     = {Datenerhebung und Datenaufbereitung},
  year      = {2020},
  edition   = {3},
  location  = {München},
}

@Book{kallus2016,
  author    = {Kallus Wolfgang, K,},
  publisher = {facultas},
  title     = {Erstellung von Fragebogen.},
  year      = {2016},
  location  = {Wien},
  edition   = {2.},
}

@TechReport{centreforeducation2014,
  author      = {{NSW Department of Education and Communities}},
  title       = {Children with disability in inclusive early childhood education and care},
  year        = {2014},
  location   = {Australia},
}

@TechReport{ivo-studie,
  author      = {Wölfl, J. and Wertfein, M. and Wirts, C.},
  editor = {{Staatsinstitut für Frühpädagogik (IFP)}},
  title       = {IVO – Eine Studie zur Umsetzung von Inklusion als gemeinsame Aufgabe von Kindertageseinrichtungen und Frühförderung in Bayern. Kita-Ergebnisbericht},
  year        = {2017},
  location    = {München},
  number      = {30},
  url         = {https://www.ifp.bayern.de/imperia/md/content/stmas/ifp/projektbericht_ivo_nr_30.pdf},
}

@TechReport{ecoplan,
  author      = {Ecoplan},
  institution = {Jugendamt der Stadt Bern},
  title       = {Kinder mit Behinderungen in Kindertagesstätten. Evaluation des Pilotsprojekts.},
  year        = {2017},
  location    = {Bern},
}

@Article{Strasser,
  author   = {Strasser , Urs},
  journal  = {Schweizerische Zeitschrift für Heilpädagogik},
  title    = {Eine Schule für alle: Integration und Inklusion auch in der Schweiz? Eine Standortbestimmung},
  year     = {2006},
  pages    = {6-14},
  volume   = {3},
  location = {Bern},
  url      = {http://edudoc.ch/record/3980},
}

@TechReport{stamm,
  author      = {Stamm, M.},
  title       = {Frühkindliche Bildung in der Schweiz. Eine Grundlagenstudie im Auftrag der UNESCO-Kommission Schweiz},
  year        = {2009},
  location    = {Fribourg},
  editor      = {{Universität Fribourg}},
  publisher   = {o. V.},
  url         = {https://www.margritstamm.ch/images/Grundlagenstudie.pdf},
}

@Article{anders_2013,
  author   = {Anders, Yvonne},
  journal  = {Zeitschrift für Erziehungswissenschaft},
  title    = {Stichwort: {Auswirkungen} frühkindlicher institutioneller {Betreuung} und {Bildung}},
  year     = {2013},
  issn     = {1862-5215},
  month    = {jun},
  number   = {2},
  pages    = {237--275},
  volume   = {16},
  abstract = {Im Zentrum dieses Beitrags steht die Frage nach der internationalen empirischen Evidenz zu den Auswirkungen von frühkindlicher, institutioneller Bildung und Betreuung (FIBB) auf die kognitiv-leistungsbezogene und sozio-emotionale Entwicklung von Kindern sowie auf die Lebensbewältigung. Auf Basis der Ergebnisse einer systematischen Literaturrecherche wird erörtert, welche kurz- und langfristigen Auswirkungen die „Dosis“ und die Qualität von FIBB haben. Ferner wird auf die Auswirkungen der Teilnahme an spezifischen Modellprogrammen und spezifische (Qualitäts-)Effekte für Kinder aus bildungsfernen Familien eingegangen. Im Hinblick auf die Nutzung institutioneller Betreuung in den ersten drei Lebensjahren berichtet die Mehrzahl der Studien Nulleffekte für die sozio-emotionale Entwicklung und positive Effekte für die kognitiv-sprachliche Entwicklung. Hinsichtlich der Teilnahme an FIBB ab drei Jahren zeichnen sich mögliche positive Effekte deutlicher ab. Qualitativ hochwertige Programme können positive Auswirkungen auf alle drei Wirkungsbereiche bis ins Jugend- und Erwachsenenalter haben. Ein früher Eintritt in die institutionelle Betreuung scheint vor allem für Kinder aus bildungsbenachteiligten Familien förderlich zu sein. Die Hypothese, dass Kinder aus bildungsbenachteiligten Familien in besonderer Weise von einer hohen Qualität profitieren, kann hingegen nicht als belegt gelten. Es wird ein großer Forschungsbedarf für Deutschland identifiziert. Der Beitrag unterstreicht die Notwendigkeit von Maßnahmen der Qualitätsentwicklung und -sicherung für die frühpädagogische Praxis in Deutschland, was in der gegenwärtigen Situation des Ausbaus eine große Herausforderung darstellt.},
  doi      = {10.1007/s11618-013-0357-5},
  url      = {https://doi.org/10.1007/s11618-013-0357-5},
}

@TechReport{volksschulbildungsverordnung,
  author      = {{Regierungsrat Kanton Luzern}},
  title       = {Verordnung zum Gesetz über die Volksschulbildung (Volksschulbildungsverordnung, VBV). Änderung vom 4. Januar 2022.},
  year        = {2022},
  language    = {DE},
  url         = {https://volksschulbildung.lu.ch/-/media/Volksschulbildung/Dokumente/recht_finanzen/schulrecht/Aenderung_SRL_405_und_409_Beschluss_RR.pdf?la=de-CH},
}
@article{spearmancoeff,
 ISSN = {00029556},
 URL = {http://www.jstor.org/stable/1412159},
 author = {C. Spearman},
 journal = {The American Journal of Psychology},
 number = {1},
 pages = {72--101},
 publisher = {University of Illinois Press},
 title = {The Proof and Measurement of Association between Two Things},
 volume = {15},
 year = {1904},
}

@TechReport{zimmermannExpertise,
  institution = {Hochschule Luzern},
  author      = {M. Zimmermann},
  title       = {Expertise über Kosten und Finanzierung eines Programms zur inklusiven
Vorschulbetreuung von Kindern mit besonderen Bedürfnissen im Kanton
Luzern},
  year        = {2021},
  language    = {DE},
  url         = {https://www.kindertagesstaette-plus.ch/fileadmin/images/01_Startseite/04_Politik-und-Recht/20210901_KITAplus_Expertise_HSLU.pdf},
}
@Comment{jabref-meta: databaseType:bibtex;}
